<record><leader>00000cas a22000007a 4500</leader><controlfield tag="001">39610815</controlfield><controlfield tag="008">980729c19949999orusr n       0    0eng d</controlfield><datafield ind1=" " ind2=" " tag="010"><subfield code="a">  2002260756</subfield></datafield><datafield ind1=" " ind2=" " tag="040"><subfield code="a">CEO</subfield><subfield code="b">eng</subfield><subfield code="c">CEO</subfield><subfield code="d">OCL</subfield><subfield code="d">ORU</subfield><subfield code="d">OCLCQ</subfield><subfield code="d">OCLCF</subfield><subfield code="d">OCLCO</subfield></datafield><datafield ind1="1" ind2=" " tag="029"><subfield code="a">AU@</subfield><subfield code="b">000024291709</subfield></datafield><datafield ind1=" " ind2=" " tag="042"><subfield code="a">msc</subfield></datafield><datafield ind1=" " ind2=" " tag="043"><subfield code="a">n-us-or</subfield></datafield><datafield ind1="0" ind2="0" tag="245"><subfield code="a">Cascade business news.</subfield></datafield><datafield ind1="3" ind2="0" tag="246"><subfield code="a">Business news</subfield></datafield><datafield ind1=" " ind2=" " tag="260"><subfield code="a">Bend, Or. :</subfield><subfield code="b">Cascade Business News,</subfield><subfield code="c">1994-</subfield></datafield><datafield ind1=" " ind2=" " tag="300"><subfield code="a">v. :</subfield><subfield code="b">ill.</subfield></datafield><datafield ind1=" " ind2=" " tag="310"><subfield code="a">Semimonthly</subfield></datafield><datafield ind1="0" ind2=" " tag="362"><subfield code="a">Sept. 7, 1994-</subfield></datafield><datafield ind1=" " ind2=" " tag="530"><subfield code="a">Available on microfilm from the University of Oregon.</subfield></datafield><datafield ind1=" " ind2=" " tag="588"><subfield code="a">Latest issue consulted: Vol. 6, issue 10 (May 17, 2000).</subfield></datafield><datafield ind1=" " ind2="0" tag="651"><subfield code="a">Bend (Or.)</subfield><subfield code="v">Newspapers.</subfield></datafield><datafield ind1=" " ind2="7" tag="655"><subfield code="a">Newspapers.</subfield><subfield code="2">fast</subfield><subfield code="0">(OCoLC)fst01423814</subfield></datafield><datafield ind1=" " ind2="7" tag="651"><subfield code="a">Oregon</subfield><subfield code="z">Bend.</subfield><subfield code="2">fast</subfield><subfield code="0">(OCoLC)fst01205543</subfield></datafield><datafield ind1=" " ind2=" " tag="752"><subfield code="a">United States</subfield><subfield code="b">Oregon</subfield><subfield code="c">Deschutes</subfield><subfield code="d">Bend.</subfield></datafield></record>